@inproceedings{dam,
  address={Gramado},
  author={Andreia Cristina Damasceno and Jos{\'e} Marcos Carvalho de Mesquita},
  booktitle={Anais...},
  conference-year={2012},
  conference-location={Gramado},
  organization={SEMIN{\'A}RIO NACIONAL DE BIBLIOTECAS UNIVERSIT{\'A}RIAS (SNBU), XVII.},
  publisher={FAURGS},
  title={Indicadores de usabilidade da biblioteca de uma institui{\c c}{\~a}o de ensino p{\'u}blico federal},
  url = {http://www.snbu2012.com.br/anais/pdf/4QAW.pdf},
  Urlaccessdate = {17 out. 2012},
  year = {2012}
}

@book{chia,
  address = {S{\~a}o Paulo},
  author = {Idalberto Chiavenato},
  edition = {9},
  publisher = {Atlas},
  title = {Recursos humanos},
  subtitle = { o capital humano das organiza{\c c}{\~o}es},
  year = {2009}
}

@article{pai,
  Author = {Anabela Paiva},
  Journal = {Jornal do Brasil},
  Address = {Rio de Janeiro},
  Pages = {2},
  Month = {12 jan.},
  Title = {Trincheira musical: m{\'u}sico d{\'a} li{\c c}{\~o}es de cidadania em forma de samba para crian{\c c}as e adolescentes},
  Year = {2002}
}

@article{den,
  Author = {Denis Alcides Rezende and Jos{\'e} Augusto Guagliardi},
  Journal = {Revista de Administrai{\c c}{\~a}o-RAUSP},
  Address = {S{\~a}o Paulo},
  Number = {4},
  Pages = {454-467},
  Month = { jan.},
  Title = {Alinhamento, contribui{\c c}{\~o}es e rela{\c c}{\~o}es da tecnologia da informa{\c c}{\~a}o com planos e planejamentos municipais: survey em prefeituras brasileiras},
  Volume = {42},
  Year = {2007}
}

@misc{if,
  Organization = {Instituto Federal de Minas Gerais},
  Org-Short = {IFMG},
  Date-Added = {2013-03-23 21:39:21 +0000},
  Date-Modified = {2013-03-23 21:44:20 +0000},
  Keywords = {wiki},
  Title = {Sete campi do IFMG promovem Semana Nacional de Ci{\^e}ncia e Tecnologia},
  Url = {https://www.ifmg.edu.br/portal/index.php/todas-as-noticias-ultimas-noticia/2415-semanas-ifmg},
  Urlaccessdate = {17 out. 2012},
  Year = {2012}
}

@phdthesis{alves,
  address = {Belo Horizonte},
  author = {Jos{\'e} Eust{\'a}quio Diniz Alves},
  school = {Centro de Desenvolvimento e Planejamento Regional, Universidade Federal de Minas Gerais},
  title = {Transi{\c c}\~ao da fecundidade e rela{\c c}\~oes de g\^enero no Brasil.},
  pages = {298},
  pagename = {f.},
  type = {Doutorado em Demografia},
  year = {1994},
}

@mastersthesis{araujo,
  address = {Belo Horizonte},
  author = {Lia Feital Fusaro Abrantes},
  school = {Universidade Federal de Minas Gerais},
  title = {Configura{\c c}{\~o}es de pontos na fronteira e no interior do espa{\c c}o hiperb{\'o}lico real em $H_\mathbb{R}^n$.},
  pages = {120},
  pagename = {f.},
  type = {Mestrado em Matem{\'a}tica},
  Year = {2010}
}

@article{bras,
  Author = {Brasil},
  Journal = {Cole{\c c}{\~a}o de Leis da Rep{\'u}blica Federativa do Brasil},
  Address = {Bras{\'i}lia, DF},
  Volume = {183},
  Pages = {1156-1157},
  Month = {maio/jun.},
  Title = {Congresso. {S}enado. {R}esolu{\c c}{\~a}o nÂº 17, de 1991},
  Year = {1991}
}

@INBOOK{hib,
    author = {R. C. Hilbbeler},
    title = {Equil{\'i}brio de um ponto material},
   booktitle = {Est{\'a}tica},
  booksubtitle = {mec{\^a}nica para engenharia},
  Edition = {10},
   organization = { HIBBELER, R. C},
   publisher = {Atlas},
   address = {S{\~a}o Paulo},
   year = {2005},
   pages = {68-95}
}

@manual{NBR6022,
  Address = {Rio de Janeiro},
  Date-Added = {2012-12-15 21:24:06 +0000},
  Date-Modified = {2012-12-15 21:24:28 +0000},
  Month = {fev.},
  Org-Short = {ABNT},
  Organization = {Associa{\c c}\~ao Brasileira de Normas T\'ecnicas},
  Subtitle = {informa{\c c}\~ao e documenta{\c c}\~ao: artigos em publica{\c c}\~ao peri{\'o}dica cient{\'i}fica impressa: apresenta{\c c}\~ao},
  Title = {NBR 6022},
  Year = {2003}
}

@manual{NBR6023,
  Address = {Rio de Janeiro},
  Date-Added = {2012-12-15 21:24:06 +0000},
  Date-Modified = {2012-12-15 21:24:28 +0000},
  Month = {fev.},
  Org-Short = {ABNT},
  Organization = {Associa{\c c}\~ao Brasileira de Normas T\'ecnicas},
  Subtitle = {informa{\c c}\~ao e documenta{\c c}\~ao: elabora{\c c}\~ao: refer{\^e}ncias},
  Title = {NBR 6023},
  Year = {2002}
}

@manual{NBR6024,
  Address = {Rio de Janeiro},
  Date-Added = {2012-12-15 21:24:06 +0000},
  Date-Modified = {2012-12-15 21:24:28 +0000},
  Month = {fev.},
  Org-Short = {ABNT},
  Organization = {Associa{\c c}\~ao Brasileira de Normas T\'ecnicas},
  Subtitle = {informa{\c c}\~ao e documenta{\c c}\~ao: numera{\c c}\~ao progressiva nas se{\c c}\~oes de um documento},
  Title = {NBR 6024},
  Year = {2003}
}

@manual{NBR6028,
  Address = {Rio de Janeiro},
  Date-Added = {2012-12-15 21:24:06 +0000},
  Date-Modified = {2012-12-15 21:24:28 +0000},
  Month = {fev.},
  Org-Short = {ABNT},
  Organization = {Associa{\c c}\~ao Brasileira de Normas T\'ecnicas},
  Subtitle = {resumos},
  Title = {NBR 6028},
  Year = {2003}
}

@manual{NBR10520,
  Address = {Rio de Janeiro},
  Date-Added = {2012-12-15 21:24:06 +0000},
  Date-Modified = {2012-12-15 21:24:28 +0000},
  Month = {fev.},
  Org-Short = {ABNT},
  Organization = {Associa{\c c}\~ao Brasileira de Normas T\'ecnicas},
  Subtitle = {informa{\c c}\~ao e documenta{\c c}\~ao: cita{\c c}\~ao em documentos},
  Title = {NBR 10520},
  Year = {2002}
}

@manual{NBR14724,
  Address = {Rio de Janeiro},
  Date-Added = {2012-12-15 21:24:06 +0000},
  Date-Modified = {2012-12-15 21:24:28 +0000},
  Month = {fev.},
  Org-Short = {ABNT},
  Organization = {Associa{\c c}\~ao Brasileira de Normas T\'ecnicas},
  Subtitle = {informa{\c c}\~ao e documenta{\c c}\~ao: trabalhos acad{\^e}micos: apresenta{\c c}\~ao},
  Title = {NBR 14724},
  Year = {2002}
}
